%%%%%%%%%%%%%%%%%%%%%%%%%%%%%%
% Bibliography examples ~\cite{citeExample}

%The CHAOS Report (1994), Standish Group - 
URL: http://www.standishgroup.com/sample_research/chaos_1994_1.php
@book{CHAOS-Report-1994,
  title={{The CHAOS Report.} By Standish Group.},
  author= {{CHAOS Report}},
  year={1994},
  publisher={Standish Group}
}

%[Larman Vodde 2008]
%Scaling Lean & Agile Development: Thinking and Organizational Tools for Large-Scale Scrum. Craig Larman, Bas Vodde, 2008.
@book{Larman-Vodde-2008,
  title={{Scaling Lean and Agile Development: Thinking and Organizational Tools for Large-Scale Scrum.} By Craig Larman, Bas Vodde.},
  author= {{Larman/Vodde}},
  year={2008},
  publisher={Paperback}
}

%[Martin Alaimo 2014]
%Proyectos Ágiles con Scrum. Flexibilidad, apredizaje, innovación y colaboración en contextos complejos. 
%Martin Alaimo, Kleer (Agile Coaching and training), 2014.
@book{Martin-Alaimo-2014,
  title={{Proyectos Ágiles con Scrum. Flexibilidad, apredizaje, innovación y colaboración en contextos complejos.} Por Martin Alaimo.},
  author= {{Martin Alaimo}},
  year={2014},
  publisher={Kleer (Agile Coaching and training)}
}

%[Martin-Alaimo-Kleer-2014]
%Equipos más productivos: Personas e interacciones por sobre procesos y herramientas. Alaimo, Diego Martín Kleer, Buenos Aires, 2014. ISBN 978-987-45158-7-2)﻿
@book{Martin-Alaimo-Kleer-2014,
  title={{Equipos más productivos: Personas e interacciones por sobre procesos y herramientas.} Por Martin Diego Alaimo.},
  author= {{Martin Alaimo/Kleer}},
  year={2014},
  publisher={Kleer (Agile Coaching and training), Buenos Aires. ISBN 978-987-45158-7-2.}
}

%[SBOK 2013]
%Una guía para el conocimiento de Scrum (Guía SBOK) - 2013 Edición. 
%Título original: A Guide to the SCRUM BODY OF KNOWLEDGE (SBOK GUIDE) 2013 Edition. SCRUMstudy, una marca de VMEdu, Inc. 
@book{SBOK-2013,
  title={{Una guía para el conocimiento de Scrum (Guía SBOK) - 2013 Edición.} Título original: A Guide to the SCRUM BODY OF KNOWLEDGE (SBOK GUIDE) 2013 Edition.},
  author= {{SBOK}},
  year={2013},
  publisher={SCRUMstudy, una marca de VMEdu, Inc.}
}

%[Stefanini 2013] 
%Scrum of Scrums: Running Agile on Large Projects. Leandro Faria Stefanini, 
%Scrum Alliance, 5 June 2013. 
%URL: https://www.scrumalliance.org/community/articles/2013/june/scrum-of-scrums-running-agile-on-large-projects
@book{Stefanini-2013,
  title={{Scrum of Scrums: Running Agile on Large Projects.} By Leandro Faria Stefanini.},
  author= {{Stefanini}},
  year={2013},
  publisher={Scrum Alliance, 5 June 2013.}
}

%[UNTREF 2014]
%Construcción de software: una mirada ágil. 
%Nicolás Paez, Diego Fontdevila, Pablo Suárez, Carlos Fontela, Marcio Degiovannini, Alejandro Molina. 
%Universidad Nacional de Tres de Febrero (UNTREF), 2014.
@book{UNTREF-2014,
  title={{Construcción de software: una mirada ágil.} Por Nicolás Paez, Diego Fontdevila, Pablo Suárez, Carlos Fontela, Marcio Degiovannini, Alejandro Molina.},
  author= {{UNTREF}},
  year={2014},
  publisher={Universidad Nacional de Tres de Febrero (UNTREF).}
}

%[Wiki 2015]
%Wikipedia, 2015. Disponible en URL: http://es.wikipedia.org/
@book{Wiki-2015,
  title={{Wikipedia, 2015.}},
  author= {{Wiki}},
  year={2015},
  publisher={Online es.wikipedia.org}
}

%[Scrum Alliance, 2015]
%Scrum Alliance (scrumalliance.org) y International Scrum Institute (scrum-institute.org).
@book{Scrum-Alliance-2015,
  title={{Scrum Alliance (scrumalliance.org)}},
  author= {{Scrum Alliance}},
  year={2015},
  publisher={Scrum-Alliance}
}

%[Scrum-Institute , 2015]
%Scrum revealed: the only book can simply learn scrum! International Scrum Institute (scrum-institute.org) o ISI.
@book{Scrum-Institute-2015,
  title={{Scrum revealed: the only book can simply learn scrum!} by International Scrum Institute},
  author= {{Scrum-Institute}},
  year={2015},
  publisher={scrum-institute.org o ISI}
}

%Agile Atlas. Scrum, una descripción. Scrum Alliance Core Scrum V2012.12.13.
@book{Agile-Atlas-2012,
  title={{Agile Atlas. Scrum, una descripción.} by Scrum Alliance},
  author= {{Agile Atlas}},
  year={2012},
  publisher={Scrum Alliance Core Scrum 2012-2013}
}

%The New New Product Development Game. Hirotaka Takeuchi, Ikujiro Nonaka, 1986.
%A version of this article appeared in the January 1986 issue of Harvard Business Review.
%URL: https://hbr.org/1986/01/the-new-new-product-development-game/ar/1
@book{Takeuchi-Nonaka-1986,
  title={{The New New Product Development Game.} by Hirotaka Takeuchi, Ikujiro Nonaka},
  author= {{Takeuchi/Nonaka}},
  year={1986},
  publisher={Harvard Business Review}
}

%SCRUM Development Process 1995
%Jeff Sutherland, John Scumniotales y Jeff McKenna concibieron, ejecutaron y documentaron el primer Scrum 
%para desarrollo ágil de software en 1993, utilizando el estudio de gestión de equipos de Takeuchi y Nonaka como base. 
%En 1995 Ken Schwaber formalizó el proceso para la industria de desarrollo de software.
@book{Ken-Schwaber-1995,
  title={{SCRUM Development Process} by Ken Schwaber},
  author= {{Ken Schwaber}},
  year={1995},
  publisher={Proceedings of the 10th Annual ACM Conference on Object Oriented Programming Systems, Languages, and Applications OOPSLA}
}

%Winston-Royce-1970
%Managing the Development of large Software Systems. Dr. Winston W. Royce, 1970
%Proceedings of IEEE WESCON 26 (August): 1–9
@book{Winston-Royce-1970,
  title={{Managing the Development of large Software Systems} by Dr. Winston W. Royce},
  author= {{Winston Royce}},
  year={1970},
  publisher={Proceedings of IEEE WESCON 26 (August)}
}

%[PMBOK 1996]
%A Guide to the Project Management Body of Knowledge (PMBOK Guide), 
%PMI Standards Committee, William R. Duncan, Director of Standards. URL: http://www.pmi.org/PMBOK-Guide-and-Standards.aspx
@book{PMBOK-1996,
  title={{A Guide to the Project Management Body of Knowledge (PMBOK Guide).} By PMI and William R. Duncan Director of Standards.},
  author= {{PMBOK}},
  year={1996},
  publisher={PMI Standards Committee}
}

%[Guía PMBOK 2004]
%Guía de los Fundamentos de la Dirección de Proyectos Tercera Edición (Guía del PMBOK). 
%2004 Project Management Institute, Four Campus Boulevard, Newtown Square, PA 19073-3299 EE.UU.
@book{PMBOK-2004,
  title={{Guía de los Fundamentos de la Dirección de Proyectos Tercera Edición (Guía del PMBOK).}},
  author= {{PMBOK}},
  year={2004},
  publisher={Project Management Institute, Four Campus Boulevard, Newtown Square, PA 19073-3299 EE.UU.}
}

%[Beck 2001] 
%Agile Manifesto, Beck, Kent, et al, disponible en URL: www.agilemanifesto.org, 2001, como estaba en Octubre de 2012.
@book{Beck-2001,
  title={{Agile Manifesto} By Beck, Kent.},
  author= {{Beck}},
  year={2001},
  publisher={URL: www.agilemanifesto.org, 2001, como estaba en Octubre de 2012}
}

%[SEBoK 2014]
%SEBoK v. 1.3 released 30 May 2014. Disponible en URL: http://sebokwiki.org
@book{SEBoK-2014,
  title={{Guide to the Systems Engineering Body of Knowledge (SEBoK) v. 1.3.} By Body of Knowledge and Curriculum to Advance Systems Engineering (BKCASE) project.},
  author= {{SEBoK}},
  year={2014},
  publisher={Sebokwiki.org, released 30 May 2014.}
}

%[Lawson & Martin 2008] 
%On the Use of Concepts and Principles for Improving Systems Engineering Practice. 
%Lawson, H. and J. Martin. 2008. INCOSE International Symposium 2008, 15-19 June 2008, The Netherlands.
@book{Lawson-Martin-2008,
  title={{On the Use of Concepts and Principles for Improving Systems Engineering Practice.} By Lawson, H. and J. Martin.},
  author= {{Lawson/Martin}},
  year={2008},
  publisher={INCOSE International Symposium 2008, 15-19 June 2008, The Netherlands.}
}

%[Austin 2003]
%Artful Making: What manager need to know about how artist work. Austin Robert D., Devin, Lee. Prentice Hall 2003.
@book{Austin-2003,
  title={{Artful Making: What manager need to know about how artist work.} By Austin Robert D., Devin, Lee.},
  author= {{Austin}},
  year={2003},
  publisher={Prentice Hall 2003}
}

%[Steven Johnson 2002]
%Emergence: The Connected Lives of Ants, Brains, Cities, and Software Emergence. Steven Johnson, 2002.
@book{Steven-Johnson-2002,
  title={{Emergence: The Connected Lives of Ants, Brains, Cities, and Software Emergence.} By Steven Johnson.},
  author= {{Steven Johnson}},
  year={2002},
  publisher={Prentice Hall 2002}
}

%[MIT Press 2009]
%The Wisdom of Crowds in the Recollection of Order Information. 
%Steyvers, M., Lee, M.D., Miller, B., and Hemmer, P. (2009). In Y. Bengio, D. Schuurmans, J. Lafferty, C. K. I. Williams and A. 
%Culotta (Eds.) Advances in Neural Information Processing Systems, MIT Press, 2009.
@book{MIT-Press-2009,
  title={{The Wisdom of Crowds in the Recollection of Order Information.} By Steyvers, M., Lee, M.D., Miller, B., and Hemmer, P. (2009). In Y. Bengio, D. Schuurmans, J. Lafferty, C. K. I. Williams and A.},
  author= {{MIT Press}},
  year={2009},
  publisher={Culotta (Eds.) Advances in Neural Information Processing Systems, MIT Press, 2009.}
}

%[Anacleto 2005] 
%El rol de la arquitectura de software en las metodologías ágiles. Lic. Valerio Adrián Anacleto. 
%Epidata Consulting S.R.L.- Buenos Aires, Argentina. Diciembre de 2005. 
%URL: http://www.epidataconsulting.com/tikiwiki/tiki-read_article.php?articleId=28#El_c_digo_NO_es_el_dise_o
@book{Anacleto-2005,
  title={{El rol de la arquitectura de software en las metodologías ágiles.} por Lic. Valerio Adrián Anacleto.},
  author= {{Anacleto}},
  year={2005},
  publisher={Epidata Consulting S.R.L.- Buenos Aires, Argentina. Diciembre de 2005.}
}

%[Sriram Narayan 2015]
%Agile IT Organization Design: For Digital Transformation and Continuous Delivery. Sriram Narayan. Addison-Wesley Professional
%Release Date: June 2015. ISBN: 9780133903690
@book{Sriram-Narayan-2015,
  title={{Agile IT Organization Design: For Digital Transformation and Continuous Delivery.} por Sriram Narayan.},
  author= {{Sriram Narayan}},
  year={2015},
  publisher={Addison-Wesley Professional. Release Date: June 2015. ISBN: 9780133903690}
}

%[Scrum Guide 2013]
%La Guía de Scrum. La Guía Definitiva de Scrum: Las Reglas del Juego. Desarrollado y soportado 
%por Ken Schwaber y Jeff Sutherland. Julio de 2013. Scrum.Org and ScrumInc. 
%Offered for license under the Attribution Share-Alike license of Creative Common
%URL: http://www.scrumguides.org/scrum-guide.html
@book{Ken-Jeff-2013,
  title={{La Guía de Scrum. La Guía Definitiva de Scrum: Las Reglas del Juego.} por Ken Schwaber y Jeff Sutherland.},
  author= {{Ken/Jeff}},
  year={2013},
  publisher={Offered for license under the Attribution Share-Alike license of Creative Common}
}

%[Cohn 2004]
%User Stories Applied: For Agile Software Development. Addison Wesley. Cohn 2004.
@book{Cohn-2004,
  title={{User Stories Applied: For Agile Software Development.} By Mike Cohn.},
  author= {{Cohn}},
  year={2004},
  publisher={Addison Wesley}
}

%[Cohn 2005]
%Agile Estimation and Planning.
@book{Cohn-2005,
  title={{Agile Estimation and Planning.} By Mike Cohn.},
  author= {{Cohn}},
  year={2005},
  publisher={Prentice Hall}
}

%[Gantthead-James 2010] 
%Seven Obstacles to Enterprise Agility. Gantthead, James (2010) http://www.gantthead.com/content/articles/255033.cfm
@book{Gantthead-James-2010,
  title={{Seven Obstacles to Enterprise Agility.} By Gantthead, James.},
  author= {{Gantthead-James}},
  year={2010},
  publisher={gantthead.com}
}

%[Peter Senge 1990]
%La quinta disciplina. El arte y la práctica de la organización abierta al aprendizaje. Peter M.  Senge. 
%Editorial Granica, 2003. Edición original en inglés, 1990.
@book{Peter-Senge-1990,
  title={{La quinta disciplina. El arte y la práctica de la organización abierta al aprendizaje.} By Peter M. Senge.},
  author= {{Peter Senge}},
  year={1990},
  publisher={Editorial Granica, 2003. Edición original en inglés, 1990.}
}

%[AntiPatterns, 1998]
%AntiPatterns Refactoring Software, Architectures, and Projects in Crisis 
%William J. Brown Raphael C. Malveau Hays W. McCormick III Thomas J. Mowbray John Wiley & Sons, Inc. Publisher: Robert Ipsen, 1998.
%URL: http://iclass.iuea.ac.ug/intranet/E-books/INFORMATION%20TECHNOLOGY/SOFTWARE%20ENGINEERING/Wiley%20-%20Antipatterns.pdf
@book{AntiPatterns-1998,
  title={{AntiPatterns Refactoring Software, Architectures, and Projects in Crisis.} By William J. Brown Raphael C. Malveau Hays W. McCormick III Thomas J. Mowbray John Wiley and Sons},
  author= {{AntiPatterns}},
  year={1998},
  publisher={Inc. Publisher: Robert Ipsen, 1998}
}

%Gestión de proyectos Scrum Manager (Scrum Manager I y II)
%Versión 2.5 – Abril 2014, Juan Palacio. De la edición: Scrum Manager, Información de derechos y licencia de uso:
%Creative Commons Attribution Non-Commercial 3.0
@book{ScrumManager-2014,
  title={{Gestión de proyectos Scrum Manager (Scrum Manager I y II)} By Juan Palacio.},
  author= {{ScrumManager}},
  year={2014},
  publisher={De la edición: Scrum Manager (Creative Commons Attribution Non-Commercial 3.0)}
}

%Schwaber, Ken; Beedle, Mike (2002). Agile software development with Scrum. Prentice Hall. ISBN 0-13-067634-9.
@book{Ken-Schwaber-2002,
  title={{Agile software development with Scrum} By Ken Schwaber},
  author= {{Ken Schwaber}},
  year={2002},
  publisher={Prentice Hall. ISBN 0-13-067634-9}
}

%Agility and PMI. kenschwaber. 2011.
%Ken Schwaber.wordpress.com
%https://kenschwaber.wordpress.com/2011/04/24/agility-and-pmi/
@book{Ken-Schwaber-2011,
  title={{Agility and PMI} By Ken Schwaber},
  author= {{Ken Schwaber}},
  year={2011},
  publisher={KenSchwaber.wordpress.com}
}

%[John Wiley & Sons 2002] 
%Agile Modeling: Effective Practices for Extreme Programming and the Unified Process. 
%John Wiley and Sons. Paperback – March 21, 2002. ISBN: 0471202827. 
%Disponible en URL: http://www.ambysoft.com/books/agileModeling.html 
@book{Wiley-Sons-2002,
  title={{Agile Modeling: Effective Practices for Extreme Programming and the Unified Process.} By John Wiley and Sons},
  author= {{Wiley/Sons}},
  year={2002},
  publisher={Paperback – March 21, 2002. ISBN: 0471202827.}
}

%The Cathedral and the Bazaar by Eric S. Raymond, O'Reilly en 1997
%URL: http://catb.org/esr/writings/cathedral-bazaar/
@book{Eric-Raymond-1997,
  title={{The Cathedral and the Bazaar.} By Eric S. Raymond},
  author= {{Eric Raymond}},
  year={1997},
  publisher={O'Reilly}
}

%Arquitectura evolutiva y diseño emergente: Investigación sobre arquitectura y diseño. Descubriendo un diseño y una arquitectura más fáciles de mantener. 
%Neal Ford, Application Architect, ThoughtWorks Inc. 05-04-2010
%URL: http://www.ibm.com/developerworks/ssa/java/library/j-eaed1/
@book{Neal-Ford-2010,
  title={{Arquitectura evolutiva y diseño emergente: Investigación sobre arquitectura y diseño.} By Neal Ford, Application Architect},
  author= {{Neal Ford}},
  year={2010},
  publisher={IBM, ThoughtWorks Inc., DeveloperWorks, 05-04-2010}
}

%The Wisdom of Crowds Paperback by James Surowiecki, Anchorsbooks, August 16, 2005
@book{James-Surowiecki-2005,
  title={{The Wisdom of Crowds.} By James Surowiecki},
  author= {{James Surowiecki}},
  year={2005},
  publisher={Anchorsbooks, August 16, 2005}
}

%[MIT Press 2009]
%Steyvers, M., Lee, M.D., Miller, B., and Hemmer, P. (2009). 
%The Wisdom of Crowds in the Recollection of Order Information. 
%In Y. Bengio, D. Schuurmans, J. Lafferty, C. K. I. Williams and A. Culotta (Eds.) 
%Advances in Neural Information Processing Systems, 22, pp. 1785–1793. MIT Press.
@book{MIT-Press-2009,
  title={{The Wisdom of Crowds in the Recollection of Order Information.} By Steyvers, M., Lee, M.D., Miller, B., and Hemmer, P., In Y. Bengio, D. Schuurmans, J. Lafferty, C. K. I. Williams and A. Culotta (Eds.)},
  author= {{MIT Press}},
  year={2009},
  publisher={Advances in Neural Information Processing Systems, 22, pp. 1785–1793. MIT Press.}
}

%[Martin Fowler 2014]
%Microservices. Martin Fowler, James Lewis, Article 25 March 2014.
%Disponible en URL: http://martinfowler.com/articles/microservices.html
@book{Martin-Fowler-2014,
  title={{Article: Microservices.} By Martin Fowler, James Lewis},
  author= {{Martin Fowler}},
  year={2014},
  publisher={Martin fowler blog. Article 25 March 2014.}
}

%How Do Committees Invent? By Melvin E. Conway
%Copyright 1968, F. D. Thompson Publications, Inc.
%Reprinted by permission of Datamation magazine, where it appeared April, 1968.
%URL: http://www.melconway.com/Home/Committees_Paper.html
@book{Conway-1968,
  title={{Article: How Do Committees Invent?} By Melvin E. Conway},
  author= {{Conway}},
  year={1968},
  publisher={Copyright 1968, F. D. Thompson Publications, Inc.Reprinted by permission of Datamation magazine, where it appeared April.}
}

%Why I Love the OMG: The Emergence of a Business Object Component Architecture. By Jeff Sutherland. 
%SVP Engineering and Product Development, IDX Systems Corporation Chair, OOPSLA Workshop on Business Object Design and Implementation. 2014.
%Scruminc.com. J. Sutherland, ACM StandardView, vol. 6, pp. 4-13, March 1998.
@book{Jeff-Sutherland-2014,
  title={{Why I Love the OMG: The Emergence of a Business Object Component Architecture.} By Jeff Sutherland},
  author= {{Jeff Sutherland}},
  year={2014},
  publisher={Scruminc.com. ACM StandardView, vol. 6, pp. 4-13, March 1998. SVP Engineering and Product Development, IDX Systems Corporation Chair, OOPSLA Workshop on Business Object Design and Implementation.}
}

%The Scrum Papers: Nut, Bolts, and Origins of an Agile Framework. Scrum, Inc. One Broadway, 14th Floor Cambridge, MA 02142.
%Jeff.sutherland@scruminc.com Version 1.1 – 2 Apr 2012
@book{ScrumInc-2012,
  title={{The Scrum Papers: Nut, Bolts, and Origins of an Agile Framework.} By Scrum, Inc.},
  author= {{Scrum Inc}},
  year={2012},
  publisher={Scrum, Inc. One Broadway, 14th Floor Cambridge, MA 02142.}
}


%Manual de identificación y promoción de la resiliencia en niños y adolescentes.
%Dra. Mabel Munist, Lic. Hilda Santos, Dra. María Angélica Kotliarenco, Dr. Elbio Néstor Suárez Ojeda, 
%Lic. Francisca Infante, Dra. Edith Grotberg. 
%ORGANIZACIÓN PANAMERICANA DE LA SALUD. ORGANIZACIÓN MUNDIAL DE LA SALUD. 
%Fundación W.K. Kellogg. Autoridad Sueca para el Desarrollo Internacional (ASDI). 1998.
@book{OPS-OMS-1998,
  title={{Manual de identificación y promoción de la resiliencia en niños y adolescentes.} Por Dra. Mabel Munist, Lic. Hilda Santos, Dra. María Angélica Kotliarenco, Dr. Elbio Néstor Suárez Ojeda, Lic. Francisca Infante, Dra. Edith Grotberg.},
  author= {{OPS OMS}},
  year={1998},
  publisher={Organización Panamericana de la Salud. Organización Mundial de la Salud. Fundación W.K. Kellogg. Autoridad Sueca para el Desarrollo Internacional (ASDI).}
}

%Scrum Metrics for Hyperproductive Teams: How They Fly like Fighter Aircraft. 
%By Scott Downey, Jeff Sutherland. 
%IEEE HICSS 46th Hawaii International Conference on System Sciences, Maui, Hawaii, 2013.
@book{Scott-Jeff-2013,
  title={{Scrum Metrics for Hyperproductive Teams: How They Fly like Fighter Aircraft.} By Scott Downey, Jeff Sutherland.},
  author= {{Scott/Jeff}},
  year={2013},
  publisher={IEEE HICSS 46th Hawaii International Conference on System Sciences, Maui, Hawaii, 2013.}
}


%McConnell, S (2006) Software Estimation: Demystifying the Back Art, Microsoft Press.
%
@book{McConnell-2006,
  title={{Software Estimation: Demystifying the Back Art} By McConnell, S.},
  author= {{McConnell}},
  year={2006},
  publisher={Microsoft Press}
}

%Boehm, B (1981). Software Engineering Economics, Prentice-Hall.
@book{Boehm-1981,
  title={{Software Engineering Economics} By Boehm, B.},
  author= {{Boehm}},
  year={1981},
  publisher={Prentice-Hall}
}

%Boehm, B (2001). Software Defect Reduction Top 10 list.
@book{Boehm-2001,
  title={{Software Defect Reduction Top 10 list} By Boehm, Barry, Basili, Victor.},
  author= {{Boehm}},
  year={2001},
  publisher={IEEE Computery, January 2001.}
}

%[Dan North 2015]
%WHAT’S IN A STORY? Dan North, 2015.
%URL: http://dannorth.net/whats-in-a-story
@book{Dan-North-2015,
  title={{Whats is a story.} By Dan North.},
  author= {{Dan North}},
  year={2015},
  publisher={dannorth.net, article 2015.}
}

%[Scott Bellware 2008 ]
%Behavior-Driven Development. Scott Bellware (June 2008). Code Magazine. Retrieved 12 August 2012.
@book{Scott-Bellware-2008,
  title={{Behavior-Driven Development.} By Scott Bellware.},
  author= {{Scott Bellware}},
  year={2008},
  publisher={Code Magazine (June 2008) Retrieved 12 August 2012.}
}

%[Scott Ambler 2015]
%User Stories: An Agile Introduction. Scott Ambler and Associates, Agile Modeling, 2015. 
%URL: http://www.agilemodeling.com/artifacts/userStory.htm
@book{Scott-Ambler-2015,
  title={{User Stories: An Agile Introduction.} By Scott Ambler.},
  author= {{Scott Ambler}},
  year={2015},
  publisher={Scott Ambler and Associates, Agile Modeling, 2015.}
}

%Planning Poker or How to avoid analysis paralysis while release planning By James Grenning
%Planning Poker James W. Grenning
%Copyright April 2002 All Rights Reserved james@grenning.net
@book{James-Grenning-2002,
  title={{Article: Planning Poker or How to avoid analysis paralysis while release planning.} By James Grenning.},
  author= {{James Grenning}},
  year={2002},
  publisher={Copyright April 2002 All Rights Reserved james@grenning.net.}
}

%Paperback: The Pomodoro Technique. By Cirillo Francesco. ISBN-10: 1445219948. November 14, 2009
@book{Cirillo-Francesco-1980,
  title={{Paperback: The Pomodoro Technique.} By Cirillo Francesco.},
  author= {{Cirillo Francesco}},
  year={1980},
  publisher={ISBN-10: 1445219948, November 14, 2009.}
}

%[Jurado 2010] 
%Diseño Ágil con TDD. Carlos Blé Jurado y colaboradores. Prologo de José Manuel Beas. Primera Edición, 2010. (www.iExpertos.com)
@book{Jurado-2010,
  title={{Diseño Ágil con TDD.} Por Carlos Blé Jurado y colaboradores. Prologo de José Manuel Beas.},
  author= {{Jurado}},
  year={2010},
  publisher={Www.iExpertos.com, Primera Edición, 2010.}
}

%[Kent Beck 2003] 
%Test-Driven Development By Example. Kent Beck, Three Rivers Institute. Addison-Wesley Professional, 2003.
@book{Kent-Beck-2003,
  title={{Test-Driven Development By Example.} By Kent Beck.},
  author= {{Kent Beck}},
  year={2010},
  publisher={Three Rivers Institute. Addison-Wesley Professional, 2003.}
}

%Agile Capacity Calculation, by Satish Thatte, VersionOne.com, January 29, 2013.
%http://blogs.versionone.com/agile_management/2013/01/29/agile-capacity-calculation-part-1-of-2
@book{Satish-Thatte-2013,
  title={{Article: Agile Capacity Calculation.} By Satish Thatte.},
  author= {{Satish Thatte}},
  year={2013},
  publisher={VersionOne.com. January 29, 2013.}
}

%How Story Point Estimation Can Help Managers. By Jipson Thomas. ScrumAlliance.org, 21 August 2015
@book{Jipson-Thomas-2015,
  title={{Article: How Story Point Estimation Can Help Managers.} By Jipson Thomas.},
  author= {{Jipson Thomas}},
  year={2015},
  publisher={ScrumAlliance.org, 21 August 2015.}
}

%Q\&A with Jeff Sutherland on Scrum: The Art of Doing Twice the Work in Half the Time, infoq.com. Posted by Ben Linders on Nov 05, 2014
@book{Jeff-2014,
  title={{Article: Q\&A with Jeff Sutherland on Scrum: The Art of Doing Twice the Work in Half the Time.} By Jeff Sutherland.},
  author= {{Jeff Sutherland}},
  year={2014},
  publisher={infoq.com. Posted by Ben Linders on Nov 05, 2014.}
}

%Happiness and Productivity. University of Warwick, UK, and IZA Bonn, Germany. University of Warwick, UK JOLE 3rd Version: 10 February 2014. 
%Andrew J. Oswald, Eugenio Proto, and Daniel Sgroi. Published in the Journal of Labor Economics.
@book{U-K-University-2014,
  title={{Happiness and Productivity.} By Andrew J. Oswald, Eugenio Proto, and Daniel Sgroi.},
  author= {{Group of U.K. Researchers}},
  year={2014},
  publisher={University of Warwick, UK, and IZA Bonn, Germany. University of Warwick, UK JOLE 3rd Version: 10 February 2014. Published in the Journal of Labor Economics.}
}

%Article: Key Dimensions of User Stories, By Benoit Pointet and Thomas Botton, Scrum Alliance. 12 January 2012.
%URL: https://www.scrumalliance.org/community/articles/2012/january/key-dimensions-of-user-stories
@book{Pointet-Botton-2012,
  title={{Article: Key Dimensions of User Stories.} By Benoit Pointet and Thomas Botton.},
  author= {{Benoit Pointet/Thomas Botton}},
  year={2012},
  publisher={Scrum Alliance. 12 January 2012.}
}

%Reporting Scrum Project Progress to Executive Management through Metrics
%Brent Barton, Ken Schwaber, Dan Rawsthorne Contributors: Francois Beauregard, Bill McMichael, Jean McAuliffe, Victor Szalvay
%Scrum Alliance, 2005
@book{Scrum-Alliance-2005,
  title={{Article: Reporting Scrum Project Progress to Executive Management through Metrics.} By Brent Barton, Ken Schwaber, Dan Rawsthorne Contributors: Francois Beauregard, Bill McMichael, Jean McAuliffe, Victor Szalvay.},
  author= {{Scrum Alliance}},
  year={2005},
  publisher={Scrum Alliance.}
}

%Article: Velocity, How to Calculate and Use Velocity to Help Your Team and Your Projects. By Catia Oliveira KING. 6 February 2014.
@book{Scrum-Alliance-2014,
  title={{Article: Velocity, How to Calculate and Use Velocity to Help Your Team and Your Projects.} By Catia Oliveira KING.},
  author= {{Scrum Alliance}},
  year={2014},
  publisher={Scrum Alliance. 6 February 2014.}
}

@article{<key>,
% Required
	author	= {},
	title		= {},
	journal	= {},
	year		= {},
% Optional
	volume	= {},
	number	= {},
	pages	= {},
	month	= {},
	note		= {}
}

@book{<key>,
% Required
	author	= {},
% or editor	= {},
	title		= {},
	publisher	= {},
	year		= {},
% Optional
	volume	= {},
% or number	= {},
	series	= {},
	address	= {},
	edition	= {},
	month	= {},
	note		= {}
}
